@book{mukhopadhyay2020probability,
  title={Probability and statistical inference},
  author={Mukhopadhyay, Nitis},
  year={2020},
  publisher={CRC Press}
}

@misc{ wiki:memless,
author = "{Wikipedia contributors}",
title = "Memorylessness --- {Wikipedia}{,} The Free Encyclopedia",
year = "2020",
url = "\url{https://en.wikipedia.org/w/index.php?title=Memorylessness&oldid=954679594}",
note = "[Online; accessed 19-October-2020]"
}

@misc{ wiki:bayes,
author = "{Wikipedia contributors}",
title = "Bayes' theorem --- {Wikipedia}{,} The Free Encyclopedia",
year = "2020",
howpublished = "\url{https://en.wikipedia.org/w/index.php?title=Bayes%27_theorem&oldid=983946302}",
note = "[Online; accessed 19-October-2020]"
}

@misc{ wiki:interarrivals,
author = "{Wikipedia contributors}",
title = "Poisson point process --- {Wikipedia}{,} The Free Encyclopedia",
year = "2020",
howpublished = "\url{https://en.wikipedia.org/w/index.php?title=Poisson_point_process&oldid=984407027}",
note = "[Online; accessed 26-October-2020]"
}

@book{walpole2012probability,
  title={Probability \& statistics for engineers \& scientists},
  author={Walpole, Ronald E and Myers, Raymond H},
  year={2012},
  publisher={Pearson Education Limited}
}

@misc{ wiki:negativebinom,
author = "{Wikipedia contributors}",
title = "Negative binomial distribution --- {Wikipedia}{,} The Free Encyclopedia",
year = "2020",
howpublished = "\url{https://en.wikipedia.org/w/index.php?title=Negative_binomial_distribution#Alternative_formulations&oldid=986666287}",
note = "[Online; accessed 10-November-2020]"
}

@misc{ wiki:incomgamma,
author = "{Wikipedia contributors}",
title = "Incomplete gamma function --- {Wikipedia}{,} The Free Encyclopedia",
year = "2020",
howpublished = "\url{https://en.wikipedia.org/w/index.php?title=Incomplete_gamma_function&oldid=983341935}",
note = "[Online; accessed 11-November-2020]"
}

@misc{ wiki:likelihood,
author = "{Wikipedia contributors}",
title = "Likelihood function --- {Wikipedia}{,} The Free Encyclopedia",
year = "2020",
howpublished = "\url{https://en.wikipedia.org/w/index.php?title=Likelihood_function&oldid=989306750}",
note = "[Online; accessed 20-November-2020]"
}

@misc{ wiki:conv,
author = "{Wikipedia contributors}",
title = "Convolution --- {Wikipedia}{,} The Free Encyclopedia",
year = "2020",
howpublished = "\url{https://en.wikipedia.org/w/index.php?title=Convolution&oldid=989190129}",
note = "[Online; accessed 21-November-2020]"
}

@misc{ wiki:convprob,
author = "{Wikipedia contributors}",
title = "Convolution of probability distributions --- {Wikipedia}{,} The Free Encyclopedia",
year = "2020",
howpublished = "\url{https://en.wikipedia.org/w/index.php?title=Convolution_of_probability_distributions&oldid=974398011}",
note = "[Online; accessed 21-November-2020]"
}